%long memory overview
@article{guegan2005can,
  title={How can we define the concept of long memory? An econometric survey},
  author={Gu{\'e}gan, Dominique},
  journal={Econometric reviews},
  volume={24},
  number={2},
  pages={113--149},
  year={2005},
  publisher={Taylor \& Francis}
}
%locally stationary
@article{dahlhaus1997,
author = "Dahlhaus, R.",
fjournal = "The Annals of Statistics",
journal = "Ann. Statist.",
month = "02",
number = "1",
pages = "1--37",
publisher = "The Institute of Mathematical Statistics",
title = "Fitting time series models to nonstationary processes",
volume = "25",
year = "1997"
}
